@article{ITN31,
	author = "Bart De Pontieu and Lucia Kleint",
	title = "IRIS Technical Note 31: IRIS science planning",
	institution = "LMSAL",
	month = "October",
	year = "2013",
	note = "\url{https://www.lmsal.com/iris_science/doc?cmd=dcur&proj_num=IS0205&file_type=pdf}",
}

@article{ITN26,
	author = "Tiago M. D. Pereira and Scott W. McIntosh and Bart De Pontieu and Viggo Hansteen and Mats Carlsson and Paul Boerner",
	title = "A User's Guide to IRIS Data Retrieval, Reduction \& Analysis",
	institution = "LMSAL",
	month = "September",
	year = "2015",
	note = 
	"\url{http://iris.lmsal.com/itn26/itn26.pdf}",
}

@article{ITN25,
	author = "Sarah Jaeggli",
	title = "IRIS Technical Note 25: CCD Properties Determined from Image Statistics",
	institution = "Montana State University",
	month = "April",
	year = "2013",
	note = 
	"\url{}",
}

@article{ITN1,
	author = "Bart De Pontieu and Jim Lemen",
	title = "IRIS Technical Note 1: IRIS Operations",
	institution = "LMSAL",
	month = "July",
	year = "2013",
	note = 
	"\url{https://www.lmsal.com/iris_science/doc?cmd=dcur&proj_num=IS0109&file_type=pdf}",
}

@article{MOSES,
	author = "Charles C. Kankelborg and Roger J. Thomas",
	title = "Simultaneous Imaging and Spectroscopy of the Solar Atmosphere: Advantages and Challenges of a 3-Order Slitless Spectrograph",
	institution = "Montana State University",
	month = "December",
	year = "2001",
	note = 
	"\url{http://scholarworks.montana.edu/xmlui/bitstream/handle/1/9661/Kankelborg_ProcSPIE_16_1.pdf?sequence=1&isAllowed=y}",
}

@article{MINND,
	author = "Roy Smart",
	title = "MOSES Data Inversion With Convolutional Neural Networks",
	institution = "Montana State University",
	month = "May",
	year = "2016",
}

@article{MOSESPIC,
	author = "{Fox}, J.~L. and {Kankelborg}, C.~C. and {Thomas}, R.~J.",
	title = "A Transition Region Explosive Event Observed in He II with the MOSES Sounding Rocket",
	journal = "apj",
	keywords = "instrumentation: spectrographs, space vehicles: instruments, Sun: transition region, Sun: UV radiation, techniques: imaging spectroscopy",
	year = "2010",
	month = "August",
	note = "\url{http://adsabs.harvard.edu/abs/2010ApJ...719.1132F}",
}

@article{1538-4357-477-2-L119,
	author = "G. A. Doschek and J. T. Mariska and H. P. Warren and K. Wilhelm and P. Lemaire and T. Kucera and U. Schühle",
	title = "Determination of the Formation Temperature of Si IV in the Solar Transition Region",
	journal = "The Astrophysical Journal Letters",
	volume = "477",
	number = "2",
	pages="L119",
	note = "\url{http://stacks.iop.org/1538-4357/477/i=2/a=L119}",
	year={1997},
}

@book{bray2005plasma,
	title={Plasma loops in the solar corona},
	author={Bray, Robert J and Cram, LE and Durrant, C and Loughhead, RE},
	volume={18},
	year={2005},
	publisher={Cambridge University Press}
}

@article{IRIS,
	author = "Bart De Pontieu and A.M. Title and J.R. Lemen and G.D. Kushner and D.J. Akin and B. Allard and T. Berger and P. Boerner and M. Cheung and C. Chou and J.F. Drake and D.W. Duncan and S. Freeland and G.F. Heyman and C. Hoffman and N.E. Hurlburt and R.W. Lindgren and D. Mathur and R. Rehse and D. Sabolish and R. Seguin and C.J. Schrijver and T.D. Tarbell and J.-P. W¨ulser and C.J. Wolfson and C. Yanari and J. Mudge and N. Nguyen-Phuc and R. Timmons and R. van Bezooijen and I. Weingrod and R. Brookner and G. Butcher and B. Dougherty and J. Eder and V. Knagenhjelm and S. Larsen and D. Mansir and L. Phan and P. Boyle and P.N. Cheimets and E.E. DeLuca and L. Golub and R. Gates and E. Hertz and S. McKillop and S. Park and T. Perry and W.A. Podgorski and K. Reeves and S. Saar and P. Testa and H. Tian and M. Weber and C. Dunn and S. Eccles and S.A. Jaeggli and C.C. Kankelborg and K. Mashburn and N. Pust and L. Springer and R. Carvalho and L. Kleint and J. Marmie and E. Mazmanian and T.M.D. Pereira and S. Sawyer and J. Strong and S.P. Worden and M. Carlsson and V.H. Hansteen and J. Leenaarts and M. Wiesmann and J. Aloise and K.-C. Chu and R.I. Bush and P.H. Scherrer and P. Brekke and J. Martinez-Sykora and B.W. Lites and S.W. McIntosh and H. Uitenbroek and T.J. Okamoto and M.A. Gummin and G. Auker and P. Jerram and P. Pool and N. Waltham",
	title = "The \textit{Interface Region Imaging Spectrograph} (IRIS)",
	institution = "LMSAL",
	month = "January",
	year = "2014",
	note = "\url{https://www.lmsal.com/iris_science/doc?cmd=dcur&proj_num=IS0196&file_type=pdf}",
}