@proceeding{doi:10.1117/12.450074,
author = {Kankelborg, Charles C. and Thomas, Roger J.},
title = {Simultaneous imaging and spectroscopy of the solar atmosphere: advantages and challenges of a 3-order slitless spectrograph},
journal = {Proc. SPIE},
volume = {4498},
number = {},
pages = {16-26},
year = {2001},
doi = {10.1117/12.450074},
URL = { http://dx.doi.org/10.1117/12.450074},
eprint = {}
}
