@article{kankel1,
author = {Kankelborg, Charles C. and Thomas, Roger J.},
title = {Simultaneous imaging and spectroscopy of the solar atmosphere: advantages and challenges of a 3-order slitless spectrograph},
journal = {Proc. SPIE},
volume = {4498},
number = {},
pages = {16-26},
year = {2001},
doi = {10.1117/12.450074},
URL = { http://dx.doi.org/10.1117/12.450074},
}


@ARTICLE{dere1,
	author = {{Dere}, K.~P. and {Bartoe}, J.-D.~F. and {Brueckner}, G.~E.},
	title = "{Explosive events in the solar transition zone}",
	journal = {Solar Physics},
	year = 1989,
	month = mar,
	volume = 123,
	pages = {41-68},
	doi = {10.1007/BF00150011},
	url = {http://adsabs.harvard.edu/abs/1989SoPh..123...41D},
}

@article{Okamoto:91, 
	author = {Takayuki Okamoto and Ichirou Yamaguchi}, 
	journal = {Opt. Lett.}, 
	number = {16}, 
	pages = {1277--1279}, 
	publisher = {OSA},
	title = {Simultaneous acquisition of spectral image information}, 
	volume = {16}, 
	month = {Aug},
	year = {1991},
	url = {http://ol.osa.org/abstract.cfm?URI=ol-16-16-1277},
	doi = {10.1364/OL.16.001277},
}

@article{bulygin:92,
	author = {Bulygin, Theodor V. and Vishnyakov, Gennady N.},
	title = {Spectrotomography: a new method of obtaining spectrograms of two-dimensional objects},
	journal = {Proc. SPIE},
	volume = {1843},
	pages = {315-322},
	year = {1992},
	doi = {10.1117/12.131904},
	url = { http://dx.doi.org/10.1117/12.131904},
}

@Article{Bulygin:05,
	author="Bulygin, F. V.
	and Levin, G. G.",
	title="Spectrotomography, a New Method for Studying the Internal Structure of Polychromatic objects",
	journal="Measurement Techniques",
	year="2005",
	volume="48",
	number="11",
	pages="1109--1114",
	issn="1573-8906",
	doi="10.1007/s11018-006-0029-4",
	url="http://dx.doi.org/10.1007/s11018-006-0029-4"
}


@article{Descour:95, 
	author = {Michael Descour and Eustace Dereniak}, 
	journal = {Appl. Opt.}, 
	keywords = {},
	number = {22}, 
	pages = {4817--4826}, 
	publisher = {OSA},
	title = {Computed-tomography imaging spectrometer: experimental calibration and reconstruction results}, 
	volume = {34}, 
	month = {Aug},
	year = {1995},
	url = {http://ao.osa.org/abstract.cfm?URI=ao-34-22-4817},
	doi = {10.1364/AO.34.004817},
}

@Article{De Pontieu2014,
	author="De Pontieu, B.
	and Title, A. M.
	and Lemen, J. R.
	and Kushner, G. D.
	and Akin, D. J.
	and Allard, B.
	and Berger, T.
	and Boerner, P.
	and Cheung, M.
	and Chou, C.
	and Drake, J. F.
	and Duncan, D. W.
	and Freeland, S.
	and Heyman, G. F.
	and Hoffman, C.
	and Hurlburt, N. E.
	and Lindgren, R. W.
	and Mathur, D.
	and Rehse, R.
	and Sabolish, D.
	and Seguin, R.
	and Schrijver, C. J.
	and Tarbell, T. D.
	and W{\"u}lser, J.-P.
	and Wolfson, C. J.
	and Yanari, C.
	and Mudge, J.
	and Nguyen-Phuc, N.
	and Timmons, R.
	and van Bezooijen, R.
	and Weingrod, I.
	and Brookner, R.
	and Butcher, G.
	and Dougherty, B.
	and Eder, J.
	and Knagenhjelm, V.
	and Larsen, S.
	and Mansir, D.
	and Phan, L.
	and Boyle, P.
	and Cheimets, P. N.
	and DeLuca, E. E.
	and Golub, L.
	and Gates, R.
	and Hertz, E.
	and McKillop, S.
	and Park, S.
	and Perry, T.
	and Podgorski, W. A.
	and Reeves, K.
	and Saar, S.
	and Testa, P.
	and Tian, H.
	and Weber, M.
	and Dunn, C.
	and Eccles, S.
	and Jaeggli, S. A.
	and Kankelborg, C. C.
	and Mashburn, K.
	and Pust, N.
	and Springer, L.
	and Carvalho, R.
	and Kleint, L.
	and Marmie, J.
	and Mazmanian, E.
	and Pereira, T. M. D.
	and Sawyer, S.
	and Strong, J.
	and Worden, S. P.
	and Carlsson, M.
	and Hansteen, V. H.
	and Leenaarts, J.
	and Wiesmann, M.
	and Aloise, J.
	and Chu, K.-C.
	and Bush, R. I.
	and Scherrer, P. H.
	and Brekke, P.
	and Martinez-Sykora, J.
	and Lites, B. W.
	and McIntosh, S. W.
	and Uitenbroek, H.
	and Okamoto, T. J.
	and Gummin, M. A.
	and Auker, G.
	and Jerram, P.
	and Pool, P.
	and Waltham, N.",
	title="The Interface Region Imaging Spectrograph (IRIS)",
	journal="Solar Physics",
	year="2014",
	volume="289",
	number="7",
	pages="2733--2779",
	issn="1573-093X",
	doi="10.1007/s11207-014-0485-y",
	url="http://dx.doi.org/10.1007/s11207-014-0485-y"
}


@article{inversion,
	author = {Fox, J. Lewis and Kankelborg, Charles C. and Metcalf, Tomas R.},
	title = {Data inversion for the Multi-Order Solar Extreme-Ultraviolet Spectrograph},
	journal = {Proc. SPIE},
	volume = {5157},
	number = {},
	pages = {124-132},
	year = {2003},
	doi = {10.1117/12.512032},
	URL = { http://dx.doi.org/10.1117/12.512032},
}


@ARTICLE{fox1,
	author = {{Fox}, J.~L. and {Kankelborg}, C.~C. and {Thomas}, R.~J.},
	title = "{A Transition Region Explosive Event Observed in He II with the MOSES Sounding Rocket}",
	journal = {ApJ},
	keywords = {instrumentation: spectrographs, space vehicles: instruments, Sun: transition region, Sun: UV radiation, techniques: imaging spectroscopy},
	year = {2010},
	month = {Aug},
	volume = {719},
	pages = {1132-1143},
	doi = {10.1088/0004-637X/719/2/1132},
	url = {http://adsabs.harvard.edu/abs/2010ApJ...719.1132F},
}

@book{RHB,
	author = {K. F. Riley and M. P. Hobson and S.J. Bence},
	title = {Mathematical Methods for Physics and Engineering},
	date = {2006},
	edition = {3},
	publisher = {Cambridge University Press},
	location = {New York, USA},
	isbn = {978-0-521-67971-8},
}

@INPROCEEDINGS{smart1,
	author = {{Smart}, R. and {Courrier}, H. and {Kankelborg}, C.},
	title = "{Preliminary Results of the MOSES II 2015 Flight}",
	booktitle = {AAS/Solar Physics Division Meeting},
	year = 2016,
	series = {AAS/Solar Physics Division Meeting},
	volume = 47,
	month = may,
	eid = {309.01},
	pages = {309.01},
	url = {http://adsabs.harvard.edu/abs/2016SPD....4730901S},
}

@article{Gordon70,
	title = "Algebraic Reconstruction Techniques (ART) for three-dimensional electron microscopy and X-ray photography ",
	journal = "Journal of Theoretical Biology ",
	volume = "29",
	number = "3",
	pages = "471 - 481",
	year = "1970",
	note = "",
	issn = "0022-5193",
	doi = "http://dx.doi.org/10.1016/0022-5193(70)90109-8",
	url = "//www.sciencedirect.com/science/article/pii/0022519370901098",
	author = "Richard Gordon and Robert Bender and Gabor T. Herman"
}

@ARTICLE{kankel2,
	author = {{Kankelborg}, C.~C.},
	title = "{Coronal Tomography}",
	journal = {ArXiv e-prints},
	archivePrefix = "arXiv",
	eprint = {0806.4803},
	keywords = {Astrophysics},
	year = 2008,
	month = jun,
	url = {http://adsabs.harvard.edu/abs/2008arXiv0806.4803K},
}

@INPROCEEDINGS{rust1,
	author = {{Rust}, T. and {Kankelborg}, C.~C.},
	title = "{Transition Region Explosive Events in He II 304{\AA}: Observation and Analysis}",
	booktitle = {AAS/Solar Physics Division Meeting},
	year = 2016,
	series = {AAS/Solar Physics Division Meeting},
	volume = 47,
	month = may,
	eid = {101.01},
	pages = {101.01},
	url = {http://adsabs.harvard.edu/abs/2016SPD....4710101R},
}

