@Article{Bulygin2005,
author="Bulygin, F. V.
and Levin, G. G.",
title="Spectrotomography, a New Method for Studying the Internal Structure of Polychromatic objects",
journal="Measurement Techniques",
year="2005",
volume="48",
number="11",
pages="1109--1114",
abstract="A survey of spectrotomographic experiments, discussion of the advantages and limitations of spectrotomographs, and also the future development and application possibilities in various branches of science and technology are provided.",
issn="1573-8906",
doi="10.1007/s11018-006-0029-4",
url="http://dx.doi.org/10.1007/s11018-006-0029-4"
}

